<?xml version="1.0" encoding="UTF-8"?>
<record xmlns="http://www.loc.gov/MARC21/slim" xmlns:xsi="http://www.w3.org/2001/XMLSchema-instance" xsi:schemaLocation="http://www.loc.gov/MARC21/slim http://www.loc.gov/standards/marcxml/schema/MARC21slim.xsd">
<leader>00000cam a22      a 4500</leader>
<controlfield tag="001">001679556</controlfield>
<controlfield tag="003">NNU</controlfield>
<controlfield tag="005">20150804160002.0</controlfield>
<controlfield tag="008">830527r19681914iq h     b    000 0 ara</controlfield>
<datafield tag="010" ind1=" " ind2=" ">
<subfield code="a">   71961252</subfield>
</datafield>
<datafield tag="035" ind1=" " ind2=" ">
<subfield code="a">(OCoLC)9553113</subfield>
</datafield>
<datafield tag="040" ind1=" " ind2=" ">
<subfield code="a">DLC</subfield>
<subfield code="b">eng</subfield>
<subfield code="c">IUL</subfield>
<subfield code="d">OCL</subfield>
<subfield code="d">OCLCQ</subfield>
<subfield code="d">OCLCG</subfield>
<subfield code="d">ORZ</subfield>
<subfield code="d">EMU</subfield>
<subfield code="d">OCLCA</subfield>
<subfield code="d">OCLCQ</subfield>
<subfield code="d">OCLCF</subfield>
<subfield code="d">IUL</subfield>
</datafield>
<datafield tag="041" ind1="0" ind2=" ">
<subfield code="a">arafre</subfield>
</datafield>
<datafield tag="043" ind1=" " ind2=" ">
<subfield code="a">aw-----</subfield>
<subfield code="a">ff-----</subfield>
<subfield code="a">e-sp---</subfield>
</datafield>
<datafield tag="050" ind1=" " ind2="4">
<subfield code="a">D199.3</subfield>
<subfield code="b">.J33 1968</subfield>
</datafield>
<datafield tag="100" ind1="0" ind2=" ">
<subfield code="6">880-01</subfield>
<subfield code="a">Jāḥiẓ,</subfield>
<subfield code="d">-868 or 869.</subfield>
</datafield>
<datafield tag="245" ind1="1" ind2="0">
<subfield code="6">880-02</subfield>
<subfield code="a">Kitāb al-Tāj fī akhlāq al-mulūk /</subfield>
<subfield code="c">lil-Jāḥiẓ ; bi-taḥqīq Aḥmad Zakī.</subfield>
</datafield>
<datafield tag="246" ind1="3" ind2=" ">
<subfield code="6">880-03</subfield>
<subfield code="a">Tāj fī akhlāq al-mulūk</subfield>
</datafield>
<datafield tag="246" ind1="3" ind2=" ">
<subfield code="6">880-04</subfield>
<subfield code="a">Akhlāq al-mulūk</subfield>
</datafield>
<datafield tag="246" ind1="1" ind2=" ">
<subfield code="i">Title on cover p. [4]:</subfield>
<subfield code="a">Livre de la couronne = Kitāb al-Tadj</subfield>
</datafield>
<datafield tag="246" ind1="3" ind2="0">
<subfield code="a">Kitāb al-Tadj</subfield>
</datafield>
<datafield tag="260" ind1=" " ind2=" ">
<subfield code="6">880-05</subfield>
<subfield code="a">[Baghdād] :</subfield>
<subfield code="b">[Maktabat al-Muthanná],</subfield>
<subfield code="c">[1968?]</subfield>
</datafield>
<datafield tag="300" ind1=" " ind2=" ">
<subfield code="a">83, 266, xiv pages :</subfield>
<subfield code="b">facsimiles ;</subfield>
<subfield code="c">25 cm</subfield>
</datafield>
<datafield tag="336" ind1=" " ind2=" ">
<subfield code="a">text</subfield>
<subfield code="b">txt</subfield>
<subfield code="2">rdacontent</subfield>
</datafield>
<datafield tag="337" ind1=" " ind2=" ">
<subfield code="a">unmediated</subfield>
<subfield code="b">n</subfield>
<subfield code="2">rdamedia</subfield>
</datafield>
<datafield tag="338" ind1=" " ind2=" ">
<subfield code="a">volume</subfield>
<subfield code="b">nc</subfield>
<subfield code="2">rdacarrier</subfield>
</datafield>
<datafield tag="500" ind1=" " ind2=" ">
<subfield code="a">Cover title.</subfield>
</datafield>
<datafield tag="500" ind1=" " ind2=" ">
<subfield code="a">Reprint of the ed. published in Cairo, 1914.</subfield>
</datafield>
<datafield tag="504" ind1=" " ind2=" ">
<subfield code="a">Includes bibliographical references (pages 235-240).</subfield>
</datafield>
<datafield tag="530" ind1=" " ind2=" ">
<subfield code="a">Also issued online.</subfield>
</datafield>
<datafield tag="651" ind1=" " ind2="0">
<subfield code="a">Islamic Empire</subfield>
<subfield code="x">Court and courtiers.</subfield>
</datafield>
<datafield tag="650" ind1=" " ind2="7">
<subfield code="a">Courts and courtiers.</subfield>
<subfield code="2">fast</subfield>
<subfield code="0">(OCoLC)fst00881829</subfield>
</datafield>
<datafield tag="651" ind1=" " ind2="7">
<subfield code="a">Islamic Empire.</subfield>
<subfield code="2">fast</subfield>
<subfield code="0">(OCoLC)fst01244134</subfield>
</datafield>
<datafield tag="700" ind1="0" ind2=" ">
<subfield code="6">880-06</subfield>
<subfield code="a">Aḥmad Zakī,</subfield>
<subfield code="d">approximately 1866-1934.</subfield>
</datafield>
<datafield tag="776" ind1="0" ind2="8">
<subfield code="i">Online version:</subfield>
<subfield code="a">Jāḥiẓ, -868 or 9.</subfield>
<subfield code="t">Kitāb al-Tāj fī akhlāq al-mulūk.</subfield>
<subfield code="d">[Baghdād : Maktabat al-Muthanná, 1968?]</subfield>
<subfield code="w">(OCoLC)577232510</subfield>
</datafield>
<datafield tag="880" ind1="0" ind2=" ">
<subfield code="6">100-01/</subfield>
<subfield code="a">جاحظ،</subfield>
<subfield code="d">-868 or 869.</subfield>
</datafield>
<datafield tag="880" ind1="1" ind2="0">
<subfield code="6">245-02/</subfield>
<subfield code="a">كتاب التاج في اخلاق الملوك /</subfield>
<subfield code="c">للجاحظ ؛ بتحقيق احمد زكي.</subfield>
</datafield>
<datafield tag="880" ind1="3" ind2=" ">
<subfield code="6">246-03/</subfield>
<subfield code="a">تاج في اخلاق الملوك</subfield>
</datafield>
<datafield tag="880" ind1="3" ind2=" ">
<subfield code="6">246-04/</subfield>
<subfield code="a">اخلاق الملوك</subfield>
</datafield>
<datafield tag="880" ind1=" " ind2=" ">
<subfield code="6">260-05/</subfield>
<subfield code="a">[بغداد] :</subfield>
<subfield code="b">[مكتبة المثنى]،</subfield>
<subfield code="c">[1968؟]</subfield>
</datafield>
<datafield tag="880" ind1="0" ind2=" ">
<subfield code="6">700-06/</subfield>
<subfield code="a">احمد زكي،</subfield>
<subfield code="d">1866-1934.</subfield>
</datafield>
<datafield tag="OWN" ind1=" " ind2=" ">
<subfield code="a">GENERAL</subfield>
</datafield>
<datafield tag="AVA" ind1=" " ind2=" ">
<subfield code="a">NYU50</subfield>
<subfield code="b">BOBST</subfield>
<subfield code="c">Main Collection</subfield>
<subfield code="d">JC375 .J3 1968</subfield>
<subfield code="e">unavailable</subfield>
<subfield code="t">Unavailable</subfield>
<subfield code="f">1</subfield>
<subfield code="g">1</subfield>
<subfield code="h">N</subfield>
<subfield code="i">0</subfield>
<subfield code="j">MAIN</subfield>
<subfield code="k">0</subfield>
</datafield>
</record>
